<?xml version="1.0" encoding="UTF-8"?><collection xmlns="http://www.loc.gov/MARC21/slim"><record><leader>00446nam--2200133-i-4500</leader><controlfield tag="001">000004200</controlfield><controlfield tag="002">20161230</controlfield><controlfield tag="005">20170119001332</controlfield><controlfield tag="008">060222s1000------------r-----000-0-eng-d</controlfield><datafield ind1=" " ind2=" " tag="245"><subfield code="a">Integral equations and their applications to certain problems in mechanics mathematical physics and technology. Translated from the russian by ..</subfield></datafield><datafield ind1=" " ind2=" " tag="260"><subfield code="a">London</subfield><subfield code="b">Pergamon Press</subfield><subfield code="c">1957</subfield></datafield><datafield ind1=" " ind2=" " tag="700"><subfield code="a">Mikhlin, S. G</subfield></datafield><datafield ind1=" " ind2=" " tag="852"><subfield code="a">13418</subfield></datafield><datafield ind1=" " ind2=" " tag="CAT"><subfield code="a">SYS</subfield><subfield code="c">20170119</subfield><subfield code="h">001332</subfield></datafield></record></collection>